AH200TBII0210000001                   04BETFOR0000996132986           0301      
0210          VERSJON002                                                        
                                                                                
                                                                                
AH200TBII0210000002                   04BETFOR2100996132986182238481130302      
160210                               60110577578SPORTY BUDSERVICE AS          PO
STBOKS 58                                                 1007OSLO              
        000000000000000602F 000000000000000                                     
AH200TBII0210000003                   04BETFOR2300996132986182238481130303      
VEDR. FAKTURA NR. 54421                                                         
                                                                   SPORTY BUDSER
VICE AS          000000010728875D                    000                        
AH200TBII0210000004                   04BETFOR9900996132986           0304      
0210000100000001072887500004                                                    
                                                                                
                                                        VER 1   ECONOMIC        
