AH200TBII0210000001                   04BETFOR0000996132986           0301      
0210          VERSJON002                      00000000000000000000000000        
                                                                                
                                                                                
AH200TBII0210000002                   04BETFOR2100996132986182238481130302      
160210VEDR.FAKTURA NR. 54421         00000000000                                
                                                          0000                  
        000000000000000602F 00000000000000000000000000000000          0000000000
AH200TBII0210000003                   04BETFOR2200996132986182238481130000      
60110577578SPORTY BUDSERVICE AS          000000000107288                        
                                                                                
                                                    0000                        
AH200TBII0210000004                   04BETFOR9900996132986           0303      
0000000000000000000000000000                                                    
                                                                                
                                                        Telepay Lib v0.1        