AH200TBII0305000001                   04BETFOR0000892892172           0051      
0305          VERSJON002                      00000000000000000000000000        
                                                                                
                                                                                
AH200TBII0305000002                   04BETFOR2100892892172810120771140052      
130228Lønnskjøring   2               00000000000                                
                                                          0000                  
        000000000000000604L 00000000000000000000000000000000          0000000000
AH200TBII0305000003                   04BETFOR2200892892172810120771140053      
15901358033Sveinung Moesgaard Skjesol    000000001634700                        
                                                                                
                                                    0000                        
AH200TBII0305000004                   04BETFOR2200892892172810120771140054      
81012077130Caddiesoft Norge AS           000000000615300                        
                                                                                
                                                    0000                        
AH200TBII0305000005                   04BETFOR9900892892172           0055      
0305000000000000000000000005                                                    
                                                                                
                                                        nettlonnutgaveV1        
